<collection xmlns="http://www.loc.gov/MARC21/slim">
<record>
  <leader>02240nam0a22003851i 450 </leader>
  <controlfield tag="001">IT\ICCU\CNCE\049570</controlfield>
  <controlfield tag="005">20080321000000.0</controlfield>
  <datafield tag="012" ind1=" " ind2=" ">
    <subfield code="a">e.me a-h* tot, puhi (3) 1596 (R)</subfield>
    <subfield code="2">fei</subfield>
  </datafield>
  <datafield tag="100" ind1=" " ind2=" ">
    <subfield code="a">19991105d1596        0itac0103    ba</subfield>
  </datafield>
  <datafield tag="101" ind1=" " ind2=" ">
    <subfield code="a">LAT</subfield>
  </datafield>
  <datafield tag="102" ind1=" " ind2=" ">
    <subfield code="a">IT</subfield>
  </datafield>
  <datafield tag="200" ind1="1" ind2=" ">
    <subfield code="a">℗C. Plinii Secundi Nouocomensis ℗Liber de viris in re militari, et administranda republica illustribus. Quorum index ante operis initium describetur</subfield>
  </datafield>
  <datafield tag="210" ind1=" " ind2=" ">
    <subfield code="a">Brixiae</subfield>
    <subfield code="c">in aedibus Polycreti Turlini</subfield>
    <subfield code="d">1596</subfield>
  </datafield>
  <datafield tag="215" ind1=" " ind2=" ">
    <subfield code="a">\6!, 58 p.</subfield>
    <subfield code="d">16ʻ</subfield>
  </datafield>
  <datafield tag="300" ind1=" " ind2=" ">
    <subfield code="a">Opera di incerto autore, attribuita a S. Aurelio Vittore, C. Plinio Cecilio Secondo, Cornelio Nepote e C. Svetonio Tranquillo</subfield>
  </datafield>
  <datafield tag="500" ind1="1" ind2="1">
    <subfield code="3">IT\ICCU\CNCE\013340</subfield>
    <subfield code="a">De viris illustribus urbis Romae</subfield>
  </datafield>
  <datafield tag="620" ind1=" " ind2=" ">
    <subfield code="a">IT</subfield>
    <subfield code="d">Brescia</subfield>
  </datafield>
  <datafield tag="702" ind1=" " ind2="0">
    <subfield code="a">Cornelius Nepos</subfield>
    <subfield code="3">IT\ICCU\CNCA\003068</subfield>
  </datafield>
  <datafield tag="702" ind1=" " ind2="1">
    <subfield code="a">Victor,</subfield>
    <subfield code="b">Sextus Aurelius</subfield>
    <subfield code="3">IT\ICCU\CNCA\003115</subfield>
  </datafield>
  <datafield tag="702" ind1=" " ind2="1">
    <subfield code="a">Suetonius Tranquillus,</subfield>
    <subfield code="b">Gaius</subfield>
    <subfield code="3">IT\ICCU\CNCA\006776</subfield>
  </datafield>
  <datafield tag="702" ind1=" " ind2="1">
    <subfield code="a">Plinius Caecilius Secundus,</subfield>
    <subfield code="b">Gaius</subfield>
    <subfield code="3">IT\ICCU\CNCA\010213</subfield>
  </datafield>
  <datafield tag="712" ind1="0" ind2="0">
    <subfield code="a">Turlino, Policreto</subfield>
    <subfield code="3">IT\ICCU\CNCT\000250</subfield>
    <subfield code="4">650</subfield>
  </datafield>
  <datafield tag="790" ind1=" " ind2="0">
    <subfield code="a">Cornelio Nepote</subfield>
    <subfield code="3">IT\ICCU\CNCA\013971</subfield>
    <subfield code="z">Cornelius Nepos</subfield>
  </datafield>
  <datafield tag="790" ind1=" " ind2="1">
    <subfield code="a">Nepos,</subfield>
    <subfield code="b">Cornelius</subfield>
    <subfield code="3">IT\ICCU\CNCA\013974</subfield>
    <subfield code="z">Cornelius Nepos</subfield>
  </datafield>
  <datafield tag="790" ind1=" " ind2="1">
    <subfield code="a">Aurelius Victor,</subfield>
    <subfield code="b">Sextus</subfield>
    <subfield code="3">IT\ICCU\CNCA\013717</subfield>
    <subfield code="z">Victor, Sextus Aurelius</subfield>
  </datafield>
  <datafield tag="790" ind1=" " ind2="1">
    <subfield code="a">Svetonius Tranquillus,</subfield>
    <subfield code="b">Gaius</subfield>
    <subfield code="3">IT\ICCU\CNCA\014945</subfield>
    <subfield code="z">Suetonius Tranquillus, Gaius</subfield>
  </datafield>
  <datafield tag="790" ind1=" " ind2="0">
    <subfield code="a">Plinio</subfield>
    <subfield code="c"> &lt;il giovane&gt;</subfield>
    <subfield code="3">IT\ICCU\CNCA\010214</subfield>
    <subfield code="z">Plinius Caecilius Secundus, Gaius</subfield>
  </datafield>
  <datafield tag="790" ind1=" " ind2="1">
    <subfield code="a">Plinius Caecilius Secundus,</subfield>
    <subfield code="b">Caius</subfield>
    <subfield code="3">IT\ICCU\CNCA\022659</subfield>
    <subfield code="z">Plinius Caecilius Secundus, Gaius</subfield>
  </datafield>
  <datafield tag="791" ind1="0" ind2="0">
    <subfield code="a">Turlinus, Polycretus</subfield>
    <subfield code="3">IT\ICCU\CNCT\005609</subfield>
    <subfield code="z">Turlino, Policreto</subfield>
  </datafield>
  <datafield tag="791" ind1="0" ind2="0">
    <subfield code="a">Turlini, Polycreto</subfield>
    <subfield code="3">IT\ICCU\CNCT\005610</subfield>
    <subfield code="z">Turlino, Policreto</subfield>
  </datafield>
  <datafield tag="801" ind1=" " ind2="3">
    <subfield code="a">IT</subfield>
    <subfield code="b">ICCU</subfield>
    <subfield code="c">20201115</subfield>
  </datafield>
  <datafield tag="899" ind1=" " ind2=" ">
    <subfield code="a">Biblioteca nazionale Braidense. Milano</subfield>
    <subfield code="z">MUTILO</subfield>
    <subfield code="1">MI0185</subfield>
    <subfield code="2">MIL NB</subfield>
  </datafield>
  <datafield tag="899" ind1=" " ind2=" ">
    <subfield code="a">Biblioteca comunale Giuseppe Malagoli. Novellara</subfield>
    <subfield code="1">RE0042</subfield>
    <subfield code="2">RE2 42</subfield>
  </datafield>
  <datafield tag="911" ind1=" " ind2=" ">
    <subfield code="a">Sul front.</subfield>
    <subfield code="9">IT\ICCU\CNCM\000310</subfield>
  </datafield>
  <datafield tag="921" ind1=" " ind2=" ">
    <subfield code="a">IT\ICCU\CNCM\000310</subfield>
    <subfield code="b">Aquila ad ali spiegate tiene con gli artigli un libro aperto. In cornice figurata.</subfield>
    <subfield code="e">1) Plus sapies si sapis me sequere; 2) In nubibus.</subfield>
    <subfield code="c">Z118</subfield>
    <subfield code="d">Dimensioni: 2,9 x 3,2</subfield>
    <subfield code="f">ALI</subfield>
    <subfield code="f">AQUILA</subfield>
    <subfield code="f">ARTIGLI</subfield>
    <subfield code="f">LIBRO</subfield>
    <subfield code="f">PLUSSAPIES</subfield>
    <subfield code="g">[non prima del 1582]-1599</subfield>
  </datafield>
</record>
</collection>
